@article{Wong,
author = {Wong, K-C.},
year = {2015},
month = {},
pages = {},
title = {Evolutionary Algorithms: Concepts, Designs, and Applications in Bioinformatics},
journal = {Nature-Inspired Computing: Concepts, Methodologies, Tools, and Applications},
note = {https://www.researchgate.net/publication/280695580\_Evolutionary\_Algorithms\_Concepts\_ \\ Designs\_and\_Applications\_in\_Bioinformatics}
}

@article{Piserchia,
author = {{Piserchia, Z.}},
year = {2018},
month = {},
pages = {},
title = {Applications of Genetic Algorithms in Bioinformatics},
note = {https://escholarship.org/uc/item/9087560g},
journal = {University of California, Riverside},
}

@article{Radenbaugh,
author = {{Radenbaugh, A.}},
year = {2008},
month = {},
pages = {},
title = {Applications of genetic algorithms in bioinformatics},
note = {https://scholarworks.sjsu.edu/etd\_theses/3495},
journal = {San Jose State University},
}

@article{RNA,
author = {{Montaseri, S.},{Ganjtabesh, M.} and {Zare-Mirakabad, F.}},
year = {2016},
month = {},
pages = {},
title = {Evolutionary Algorithm for RNA Secondary Structure Prediction Based on Simulated SHAPE Data},
note = {https://journals.plos.org/plosone/article?id=10.1371/journal.pone.0166965},
journal = {PLoS ONE},
}

@article{Motif,
  title={Optimizing genetic algorithm for motif discovery},
  author={{Hongwei, H.}, {Zhenhua, Z.}, {Vojislav, S.} and {Lifang, L.}},
  journal={Mathematical and Computer Modelling},
  volume={52},
  number={11-12},
  pages={2011--2020},
  year={2010},
  note ={https://www.sciencedirect.com/science/article/pii/S0895717710002748}
}

@article{Multiple1,
  title={A review on multiple sequence alignment from the perspective of genetic algorithm},
  author={{Biswanath, C.}, {Gautam, G.}},
  journal={Genomics},
  volume={109},
  number={5-6},
  pages={419--431},
  year={2017},
  note ={https://www.sciencedirect.com/science/article/pii/S0888754317300551?via\%3Dihub}
}

@article{Multiple2,
  title={ProbPFP: a multiple sequence alignment algorithm combining hidden Markov model optimized by particle swarm optimization with partition function},
  author={{Zhan, Q.}, {Wang, N.} and {Jin, S.}},
  journal={BMC Bioinformatics},
  volume={20},
  number={},
  pages={573},
  year={2019},
  note ={https://bmcbioinformatics.biomedcentral.com/articles/10.1186/s12859-019-3132-7\#citeas}
}

@article{Multiple3,
  title={COFFEE: an objective function for multiple sequence alignments},
  author={{Notredame, C.}, {Holm, L.} and {Higgins, D.}},
  journal={Bioinformatics},
  volume={14},
  number={5},
  pages={407--422},
  year={1998},
  note ={https://www.tcoffee.org/Publications/Ps\_pdf/coffee.pdf}
}

@article{Summary,
  title={A summary of the prevalence of Genetic Algorithms in Bioinformatics from 2015 onwards},
  author={{Swerhun, M.}, {Foley, J.}, {Massop, B.} and {Mago, V.}},
  journal={CoRR},
  volume={abs/2008.09017},
  year={2020},
  note ={https://arxiv.org/abs/2008.09017}
}